<?xml version="1.0" encoding="UTF-8"?>
<record xmlns="http://www.loc.gov/MARC21/slim">
   <leader>01478cam a22003015  4500</leader>
   <controlfield tag="001">2954770</controlfield>
   <controlfield tag="003">NjP</controlfield>
   <controlfield tag="005">20171108172534.0</controlfield>
   <controlfield tag="008">000221r197u1866ir            000 0 ara d</controlfield>
   <datafield tag="024" ind1="7" ind2=" ">
      <subfield code="a">princeton_aco003333</subfield>
      <subfield code="2">local</subfield>
   </datafield>
   <datafield ind1=" " ind2=" " tag="035">
      <subfield code="a">(OCoLC)ocm43492146</subfield>
   </datafield>
   <datafield ind1=" " ind2=" " tag="035">
      <subfield code="9">CPJ6629TS</subfield>
   </datafield>
   <datafield ind1=" " ind2=" " tag="040">
      <subfield code="a">PUL</subfield>
      <subfield code="c">PUL</subfield>
   </datafield>
   <datafield ind1="1" ind2=" " tag="100">
      <subfield code="a">Sabzavārī, Hādī ibn Mahdī,</subfield>
      <subfield code="d">b. 1797 or 8.</subfield>
      <subfield code="0">http://id.loc.gov/authorities/names/n85176474</subfield>
   </datafield>
   <datafield ind1="0" ind2="0" tag="245">
      <subfield code="a">Sharḥ al-asmāʾ al-maʻrūfah bi-al-Jawshan al-kabīr.</subfield>
   </datafield>
   <datafield ind1="3" ind2=" " tag="246">
      <subfield code="a">Sharḥ al-asmāʾ al-ḥusnā</subfield>
   </datafield>
   <datafield ind1="3" ind2=" " tag="246">
      <subfield code="a">Duʻāʾ al-ṣabāḥ</subfield>
   </datafield>
   <datafield ind1="3" ind2=" " tag="246">
      <subfield code="a">Miftāḥ al-falāḥ wa-miṣbāḥ al-nahāḥ</subfield>
   </datafield>
   <datafield ind1=" " ind2=" " tag="260">
      <subfield code="a">[Qumm,</subfield>
      <subfield code="b">Maktabat Baṣīratī,</subfield>
      <subfield code="c">197-?]</subfield>
   </datafield>
   <datafield ind1=" " ind2=" " tag="300">
      <subfield code="a">288, 114 p.</subfield>
      <subfield code="c">25 cm.</subfield>
   </datafield>
   <datafield ind1=" " ind2=" " tag="546">
      <subfield code="a">In Arabic.</subfield>
   </datafield>
   <datafield ind1=" " ind2=" " tag="500">
      <subfield code="a">Reprint of Tihrān, 1283 [1866 or 7] ed.</subfield>
   </datafield>
   <datafield ind1=" " ind2=" " tag="590">
      <subfield code="a">With, as issued his Sharḥ Duʻāʾ al-ṣabāḥ al-mawsūm bi-Miftāḥ al-falāḥ wa-miṣbāḥ al-najāḥ.</subfield>
   </datafield>
   <datafield ind1=" " ind2="0" tag="650">
      <subfield code="a">Islam</subfield>
      <subfield code="v">Prayers and devotions.</subfield>
      <subfield code="0">http://id.loc.gov/authorities/subjects/sh85068403</subfield>
   </datafield>
   <datafield ind1=" " ind2="0" tag="650">
      <subfield code="a">God (Islam)</subfield>
      <subfield code="x">Attributes.</subfield>
      <subfield code="0">http://id.loc.gov/authorities/subjects/sh85055571</subfield>
   </datafield>
   <datafield ind1="0" ind2="0" tag="600">
      <subfield code="a">ʻAlī ibn Abī Ṭālib,</subfield>
      <subfield code="c">Caliph,</subfield>
      <subfield code="d">ca. 600-661.</subfield>
      <subfield code="t">Duʻāʾ al-ṣabāḥ.</subfield>
   </datafield>
   <datafield ind1="1" ind2="2" tag="700">
      <subfield code="a">Sabzavārī, Hādī ibn Mahdī,</subfield>
      <subfield code="d">b. 1797 or 8.</subfield>
      <subfield code="t">Sharḥ Duʻāʾ al-ṣabāḥ.</subfield>
      <subfield code="f">1970.</subfield>
      <subfield code="0">http://id.loc.gov/authorities/names/n85176474</subfield>
   </datafield>
   <datafield ind1=" " ind2=" " tag="945">
      <subfield code="a">SY</subfield>
      <subfield code="b">1</subfield>
      <subfield code="c">2473.879.387.1970</subfield>
   </datafield>
   <datafield ind1=" " ind2=" " tag="911">
      <subfield code="a">20000402</subfield>
   </datafield>
   <datafield ind1="0" ind2="0" tag="852">
      <subfield code="0">3269583</subfield>
      <subfield code="b">rcppa</subfield>
      <subfield code="t">1</subfield>
      <subfield code="h">BP183.3.A453</subfield>
      <subfield code="i">S239 1970z</subfield>
      <subfield code="x">tr fr nec</subfield>
   </datafield>
   <datafield ind1=" " ind2=" " tag="959">
      <subfield code="a">2009-08-31 12:47:05 -0400</subfield>
   </datafield>
</record>
